@Book{NRC2009,
   author		= "{National Research Council}",
   title  		= "Strengthening Forensic Science in the United States: A Path Forward",
   publisher	= "The National Academies Press",
   year 		= 2009,
   address 		= "Washington, D.C.",
}

@Misc{PCAST2016,
   author		= "{President's Council of Advisors on Science and Technology}", 
   title			= "Forensic Science in Criminal Courts: Ensuring Scientific Validity of Feature-Comparison Methods",
   year		= 2016,
   url			= "https://www.whitehouse.gov/sites/default/files/microsites/ostp/PCAST/pcast_forensic_science_report_final.pdf",
}

@Article{Riva+Champod,
   author 		= "Fabiano Riva and Christophe Champod",
   title 		= "Automatic Comparison and Evaluation of Impressions Left by a Firearm on Fired Cartridge Cases.",
   journal		= "Journal of Forensic Sciences",
   volume		= "59",
   number		= "3",
   pages 		= "637--47",
   year		= 2014,
}

@Misc{Petraco+Chan,
   author		= "Nicholas Petraco and Helen Chan", 
   title			= "Application of Machine Learning to Toolmarks: Statistically Based Methods for Impression Pattern Comparisons",
   year		= 2012,
   url			= "https://www.ncjrs.gov/pdffiles1/nij/grants/239048.pdf",
}

@article{Hare1,
author = {Hare, Eric and Hofmann, Heike and Carriquiry, Alicia},
year = {2017},
month = {12},
pages = {2332--2356},
title = {Automatic matching of bullet land impressions},
volume = {11},
journal = {The Annals of Applied Statistics}
}

@Article{Chu1,
author 		= "Chu, Wei and Song, T. and Vorburger, J. and Yen, J. and Ballou, S. and Bacharach, B.",
title			= "Pilot study of automated bullet signature identification based on topography measurements and correlations",
year 			= 2010,
journal		= "Journal of Forensic Sciences",
volume		= 55,
number 		= 2,
pages		= "341--47",
}

@Article{Chu2,
author		= "Chu, Wei and Robert M Thompson and John Song and Theodore V Vorburger",
title 			= "Automatic identification of bullet signatures based on consecutive matching striae (CMS) criteria",
year 			= 2013,
journal 		= "Forensic Science International",
volume		= 231,
number		= {1-3},
pages 		= "137--41",
}

@Article{Biasotti,
author		= "Alfred A. Biasotti",
title 			= "A Statistical Study of the Individual Characteristics of Fired Bullets.",
year			= 1959,
journal		= "Journal of Forensic Sciences",
volume		= 4,
number		= 1,
pages		= "34--50",

}


@Article{AFTE,
author 		= "{AFTE Glossary}",
title 			= "Theory of Identification as it Relates to Toolmarks",
year 			= 1998,
journal 		= "AFTE Journal",
volume 		= 30,
number		= 1, 
pages 		= "86--88",

}

@Article{Hamby,
author 		= "Hamby, James E. and David J. Brundage and James W. Thorpe",
title 			= "The Identification of Bullets Fired from 10 Consecutively Rifled 9mm Ruger Pistol Barrels: A Research Project Involving 507 Participants from 20 Countries.",
year 			= 2009,
journal 		= "AFTE Journal",
volume		= 41,
number		= 2,
pages		= "99--110"
}

@article {Tai+Eddy,
author = {Tai, Xiao Hui and Eddy, William F.},
title = {A Fully Automatic Method for Comparing Cartridge Case Images,},
journal = {Journal of Forensic Sciences},
volume = {63},
number = {2},
issn = {1556-4029},
url = {http://dx.doi.org/10.1111/1556-4029.13577},
doi = {10.1111/1556-4029.13577},
pages = {440--448},
keywords = {forensic science, firearms identification, cartridge cases, breechface marks, circular symmetry, cross-correlation function},
year = {2018},
}

@article {Ma1,
author = {Ma, L. and Song, J. and Whitenton, E. and Zheng, A. and Vorburger, T. and Zhou, J.},
title = {NIST bullet signature measurement system for RM (Reference Material) 8240 standard bullets},
journal = {Journal of Forensic Sciences},
volume = {49},
number = {4},
pages = {649--59},
year = {2004},
}

@Article{DeKinder1,
author 		= "De Kinder, J. and Prevot, P. and Pirlot, M. and Nys, B.",
title 			= "Surface topology of bullet striations: an innovating technique",
year 			= 1998,
journal 		= "AFTE Journal",
volume		= 30,
number		= 2,
pages		= "294--299"
}


@article {DeKinder2,
author = {De Kinder, J. and Bonifanti, M.},
title = {Automated comparison of bullet striations based on 3D topography},
journal = {Forensic Science International},
volume = {101},
pages = {85--93},
year = {1999},
}


@article {Bachrach1,
author = {Bachrach, Benjamin},
title = {Development of a 3D-based Automated Firearms Evidence Comparison System},
journal = {Journal of Forensic Sciences},
volume = {47},
number = {6},
pages = {1253--1264},
year = {2002},
}

@Misc{Bachrach2,
author = {Bachrach, Benjamin},
title = {A Statistical Validation of the Individuality or Guns Using 3D Images of Bullets},
year = {2006},
url = {https://www.ncjrs.gov/pdffiles1/nij/grants/213674.pdf},
howPublished = {NIJ Report},
}

@online{nist, 
  title={{NIST Ballistics Toolmark Research Database (NBTRB)}},
  author={Xiaoyu Alan Zheng},
  url={\url{https://tsapps.nist.gov/NRBTD}},
  year={2016}
  }
  
@Misc{Cary,
author = {Wong,Cary},
title = {Cary Persistence},
year = {before 2014},
}


@article {Cleveland1,
author = {Cleveland, William S.},
title = {Robust Locally Weighted Regression and Smoothing Scatterplots},
journal = {Journal of the American Statistical Association},
volume = {74},
number = {368},
pages = {829--836},
year = {1979},
}